@Book{Sagan1980,
  author    = {Sagan, Carl},
  publisher = {Random House},
  title     = {Cosmos},
  year      = {1980},
  address   = {New York},
  isbn      = {0375508325},
}

@Article{Geim2012GraphenePrehistory,
  author    = {A K Geim},
  journal   = {Physica Scripta},
  title     = {Graphene prehistory},
  year      = {2012},
  month     = jan,
  pages     = {014003},
  volume    = {T146},
  doi       = {10.1088/0031-8949/2012/t146/014003},
  groups    = {Bachelor Thesis},
  publisher = {{IOP} Publishing},
}

@Article{brodie,
  author    = {Stephen T. Irish},
  journal   = {Ambix},
  title     = {Brodie{\textquotesingle}s Calculus and Chemical Classification},
  year      = {2013},
  month     = aug,
  number    = {3},
  pages     = {234--254},
  volume    = {60},
  doi       = {10.1179/0002698013z.00000000031},
  groups    = {Bachelor Thesis},
  publisher = {Informa {UK} Limited},
}

@Article{Geim2007,
  author    = {A. K. Geim and K. S. Novoselov},
  journal   = {Nature Materials},
  title     = {The rise of graphene},
  year      = {2007},
  month     = mar,
  number    = {3},
  pages     = {183--191},
  volume    = {6},
  doi       = {10.1038/nmat1849},
  groups    = {Bachelor Thesis},
  publisher = {Springer Science and Business Media {LLC}},
}

@Article{Dreyer2010,
  author    = {Daniel R. Dreyer and Rodney S. Ruoff and Christopher W. Bielawski},
  journal   = {Angewandte Chemie International Edition},
  title     = {From Conception to Realization: An Historial Account of Graphene and Some Perspectives for Its Future},
  year      = {2010},
  month     = nov,
  number    = {49},
  pages     = {9336--9344},
  volume    = {49},
  doi       = {10.1002/anie.201003024},
  groups    = {Bachelor Thesis},
  publisher = {Wiley},
}

@Article{Novoselov2004,
  author    = {K. S. Novoselov},
  journal   = {Science},
  title     = {Electric Field Effect in Atomically Thin Carbon Films},
  year      = {2004},
  month     = {10},
  number    = {5696},
  pages     = {666--669},
  volume    = {306},
  doi       = {10.1126/science.1102896},
  groups    = {Bachelor Thesis},
  publisher = {American Association for the Advancement of Science ({AAAS})},
}

@Article{Singh2011,
  author    = {Virendra Singh and Daeha Joung and Lei Zhai and Soumen Das and Saiful I. Khondaker and Sudipta Seal},
  journal   = {Progress in Materials Science},
  title     = {Graphene based materials: Past, present and future},
  year      = {2011},
  month     = oct,
  number    = {8},
  pages     = {1178--1271},
  volume    = {56},
  doi       = {10.1016/j.pmatsci.2011.03.003},
  groups    = {Bachelor Thesis},
  publisher = {Elsevier {BV}},
}

@Book{Quinn2018,
  author    = {John J. Quinn and Kyung-Soo Yi},
  publisher = {Springer International Publishing},
  title     = {Solid State Physics},
  year      = {2018},
  doi       = {10.1007/978-3-319-73999-1},
  groups    = {Bachelor Thesis},
}

@Book{Girvin2019,
  author    = {Steven M. Girvin and Kun Yang},
  publisher = {Cambridge University Press},
  title     = {Modern Condensed Matter Physics},
  year      = {2019},
  month     = feb,
  doi       = {10.1017/9781316480649},
  groups    = {Bachelor Thesis},
}

@Book{Hofmann2015,
  author    = {Hofmann, Philip},
  publisher = {Wiley-VCH},
  title     = {Solid state physics : an introduction},
  year      = {2015},
  address   = {Weinheim, Germany},
  isbn      = {9783527682034},
  groups    = {Bachelor Thesis},
}

@Book{Patterson2007,
  author    = {Patterson, James},
  publisher = {Springer},
  title     = {Solid-state physics : introduction to the theory},
  year      = {2007},
  address   = {Berlin},
  isbn      = {3540241159},
  groups    = {Bachelor Thesis},
}

@Book{Griffiths2018,
  author    = {David J. Griffiths and Darrell F. Schroeter},
  publisher = {Cambridge University Press},
  title     = {Introduction to Quantum Mechanics},
  year      = {2018},
  month     = aug,
  doi       = {10.1017/9781316995433},
  groups    = {Bachelor Thesis},
}

@Book{Kittel2004,
  author    = {Kittel, Charles},
  publisher = {Wiley},
  title     = {Introduction to Solid State Physics},
  year      = {2004},
  isbn      = {047141526X},
  month     = nov,
  ean       = {9780471415268},
  groups    = {Bachelor Thesis},
  pagetotal = {680},
  url       = {https://www.ebook.de/de/product/4290142/charles_kittel_introduction_to_solid_state_physics.html},
}

@Book{Beale2020,
  author    = {R. K. Pathria, Paul D. Beale},
  publisher = {Elsevier Science \& Techn.},
  title     = {Statistical Mechanics},
  year      = {2020},
  month     = 12,
  ean       = {9780081026939},
  groups    = {Bachelor Thesis},
  pagetotal = {768},
  url       = {https://www.ebook.de/de/product/40711425/r_k_pathria_paul_d_beale_statistical_mechanics.html},
}

@Article{Westerhout2018,
  author    = {Tom Westerhout and Edo van Veen and Mikhail I. Katsnelson and Shengjun Yuan},
  journal   = {Physical Review B},
  title     = {Plasmon confinement in fractal quantum systems},
  year      = {2018},
  month     = {5},
  number    = {20},
  pages     = {205434},
  volume    = {97},
  doi       = {10.1103/physrevb.97.205434},
  groups    = {Bachelor Thesis},
  publisher = {American Physical Society ({APS})},
}

@Book{Czycholl2016,
  author    = {Gerd Czycholl},
  publisher = {Springer Berlin Heidelberg},
  title     = {Theoretische Festkörperphysik Band 1},
  year      = {2016},
  doi       = {10.1007/978-3-662-47141-8},
  groups    = {Bachelor Thesis},
}

@Book{Goncalves2015,
  author    = {P A D Gon{\c{c}}alves and N M R Peres},
  publisher = {{WORLD} {SCIENTIFIC}},
  title     = {An Introduction to Graphene Plasmonics},
  year      = {2015},
  month     = dec,
  doi       = {10.1142/9948},
  groups    = {Bachelor Thesis},
}

@PhdThesis{Roesner2016,
  author = {Malte Rösner},
  school = {Universität Bremen},
  title  = {Electronic Structure of Novel Two-dimensional Materials and Graphene Heterostructures},
  year   = {2016},
  groups = {Bachelor Thesis},
}

@Article{Cho2018,
  author    = {Yeongsu Cho and Timothy C. Berkelbach},
  journal   = {Physical Review B},
  title     = {Environmentally sensitive theory of electronic and optical transitions in atomically thin semiconductors},
  year      = {2018},
  month     = {1},
  number    = {4},
  pages     = {041409},
  volume    = {97},
  doi       = {10.1103/physrevb.97.041409},
  groups    = {Bachelor Thesis},
  publisher = {American Physical Society ({APS})},
}

@Article{Westerhout2021,
  author        = {Tom Westerhout and Mikhail I. Katsnelson and Malte Rösner},
  title         = {Plasmonic Quantum Dots in Twisted Bilayer Graphene},
  year          = {2021},
  month         = 7,
  archiveprefix = {arXiv},
  eprint        = {2107.08017},
  file          = {:http\://arxiv.org/pdf/2107.08017v1:PDF},
  groups        = {Bachelor Thesis},
  keywords      = {cond-mat.mes-hall, cond-mat.mtrl-sci},
  primaryclass  = {cond-mat.mes-hall},
}

@Article{Roesner2015,
  author    = {M. Rösner and E. {\c{S}}a{\c{s}}{\i}o{\u{g}}lu and C. Friedrich and S. Blügel and T. O. Wehling},
  journal   = {Physical Review B},
  title     = {Wannier function approach to realistic Coulomb interactions in layered materials and heterostructures},
  year      = {2015},
  month     = {8},
  number    = {8},
  pages     = {085102},
  volume    = {92},
  doi       = {10.1103/physrevb.92.085102},
  groups    = {Bachelor Thesis},
  publisher = {American Physical Society ({APS})},
}

@Book{Griffiths_electro,
  author    = {Griffiths, David},
  editor    = {Smith, Jim},
  publisher = {Pearson},
  title     = {Introduction to electrodynamics},
  year      = {2013},
  address   = {Boston},
  isbn      = {9780321856562},
}

@Article{Goodwin2019,
  author    = {Zachary A. H. Goodwin and Fabiano Corsetti and Arash A. Mostofi and Johannes Lischner},
  journal   = {Physical Review B},
  title     = {Attractive electron-electron interactions from internal screening in magic-angle twisted bilayer graphene},
  year      = {2019},
  month     = dec,
  number    = {23},
  pages     = {235424},
  volume    = {100},
  doi       = {10.1103/physrevb.100.235424},
  publisher = {American Physical Society ({APS})},
}

@Book{Bao2017,
  editor    = {Qiaoliang Bao and Hui Ying Hoh and Yupeng Zhang},
  publisher = {Jenny Stanford Publishing},
  title     = {Graphene Photonics, Optoelectronics, and Plasmonics},
  year      = {2017},
  address   = {Penthouse Level, Suntec Tower 3, 8 Temasek Boulevard, Singapore 038988},
  isbn      = {9781315196671},
  month     = sep,
  doi       = {10.1201/9781315196671},
}

@Article{Groenewald2016,
  author    = {R. E. Groenewald and M. Rösner and G. Schönhoff and S. Haas and T. O. Wehling},
  journal   = {Physical Review B},
  title     = {Valley plasmonics in transition metal dichalcogenides},
  year      = {2016},
  month     = {5},
  number    = {20},
  pages     = {205145},
  volume    = {93},
  doi       = {10.1103/physrevb.93.205145},
  publisher = {American Physical Society ({APS})},
}

@article{kde,
 ISSN = {00905364},
 URL = {http://www.jstor.org/stable/2242011},
 author = {George R. Terrell and David W. Scott},
 journal = {The Annals of Statistics},
 number = {3},
 pages = {1236--1265},
 publisher = {Institute of Mathematical Statistics},
 title = {Variable Kernel Density Estimation},
 volume = {20},
 year = {1992}
}

@Book{Bronshtein2015,
  author    = {I.N. Bronshtein and K.A. Semendyayev and Gerhard Musiol and Heiner Mühlig},
  publisher = {Springer Berlin Heidelberg},
  title     = {Handbook of Mathematics},
  year      = {2015},
  doi       = {10.1007/978-3-662-46221-8},
}

@Article{Tsurutani1997,
  author    = {Bruce T. Tsurutani and Gurbax S. Lakhina},
  journal   = {Reviews of Geophysics},
  title     = {Some basic concepts of wave-particle interactions in collisionless plasmas},
  year      = {1997},
  month     = {11},
  number    = {4},
  pages     = {491--501},
  volume    = {35},
  doi       = {10.1029/97rg02200},
  publisher = {American Geophysical Union ({AGU})},
}

@Book{Katsnelson2020,
  author    = {Mikhail I. Katsnelson},
  publisher = {Cambridge University Press},
  title     = {The Physics of Graphene},
  year      = {2020},
  month     = mar,
  doi       = {10.1017/9781108617567},
}

@InCollection{Radamson2017,
  author    = {Henry H. Radamson},
  booktitle = {Springer Handbook of Electronic and Photonic Materials},
  publisher = {Springer International Publishing},
  title     = {Graphene},
  year      = {2017},
  pages     = {1--1},
  doi       = {10.1007/978-3-319-48933-9_48},
  groups    = {Bachelor Thesis},
}

@Book{LukasNovotny2012,
  author    = {Lukas Novotny and Bert Hecht},
  publisher = {Cambridge University Press},
  title     = {Principles of Nano-Optics},
  year      = {2012},
  edition   = {2},
  isbn      = {1107005469},
  month     = sep,
  ean       = {9781107005464},
  groups    = {Bachelor Thesis},
  pagetotal = {578},
  url       = {https://www.ebook.de/de/product/18608721/lukas_novotny_bert_hecht_principles_of_nano_optics.html},
}

@Book{Serway2014,
  author    = {Serway, Raymond A. and Jewett, John W.},
  publisher = {Brooks/Cole, Cengage Learning},
  title     = {Physics for scientists and engineers with modern physics},
  year      = {2014},
  address   = {20 Channel Center Street, Boston, MA 02210, USA},
  edition   = {9},
  isbn      = {9781133954057},
  groups    = {Bachelor Thesis},
}

@Article{Sarma2011,
  author    = {S. Das Sarma and E. H. Hwang},
  journal   = {Physical Review B},
  title     = {Conductivity of graphene on boron nitride substrates},
  year      = {2011},
  month     = {3},
  number    = {12},
  pages     = {121405},
  volume    = {83},
  doi       = {10.1103/physrevb.83.121405},
  groups    = {Bachelor Thesis},
  publisher = {American Physical Society ({APS})},
}

@Article{Wang2017,
  author    = {Jingang Wang and Fengcai Ma and Mengtao Sun},
  journal   = {{RSC} Advances},
  title     = {Graphene, hexagonal boron nitride, and their heterostructures: properties and applications},
  year      = {2017},
  number    = {27},
  pages     = {16801--16822},
  volume    = {7},
  doi       = {10.1039/c7ra00260b},
  groups    = {Bachelor Thesis},
  publisher = {Royal Society of Chemistry ({RSC})},
}

@Article{Steinke2020,
  author    = {C. Steinke and T. O. Wehling and M. Rösner},
  journal   = {Physical Review B},
  title     = {Coulomb-engineered heterojunctions and dynamical screening in transition metal dichalcogenide monolayers},
  year      = {2020},
  month     = {9},
  number    = {11},
  pages     = {115111},
  volume    = {102},
  doi       = {10.1103/physrevb.102.115111},
  groups    = {Bachelor Thesis},
  publisher = {American Physical Society ({APS})},
}

@Article{Laturia2018,
  author    = {Akash Laturia and Maarten L. Van de Put and William G. Vandenberghe},
  journal   = {npj 2D Materials and Applications},
  title     = {Dielectric properties of hexagonal boron nitride and transition metal dichalcogenides: from monolayer to bulk},
  year      = {2018},
  month     = {3},
  number    = {1},
  volume    = {2},
  doi       = {10.1038/s41699-018-0050-x},
  groups    = {Bachelor Thesis},
  publisher = {Springer Science and Business Media {LLC}},
}

@Article{Lemonik2012,
  author    = {Y. Lemonik and I. Aleiner and V. I. Fal{\textquotesingle}ko},
  journal   = {Physical Review B},
  title     = {Competing nematic, antiferromagnetic, and spin-flux orders in the ground state of bilayer graphene},
  year      = {2012},
  month     = {6},
  number    = {24},
  pages     = {245451},
  volume    = {85},
  doi       = {10.1103/physrevb.85.245451},
  groups    = {Bachelor Thesis},
  publisher = {American Physical Society ({APS})},
}

@Article{Huang2016,
  author    = {Shenyang Huang and Chaoyu Song and Guowei Zhang and Hugen Yan},
  journal   = {Nanophotonics},
  title     = {Graphene plasmonics: physics and potential applications},
  year      = {2016},
  month     = {10},
  number    = {6},
  pages     = {1191--1204},
  volume    = {6},
  doi       = {10.1515/nanoph-2016-0126},
  groups    = {Bachelor Thesis},
  publisher = {Walter de Gruyter {GmbH}},
}

@Article{Noori2019,
  author    = {Keian Noori and Nicholas Lin Quan Cheng and Fengyuan Xuan and Su Ying Quek},
  journal   = {2D Materials},
  title     = {Dielectric screening by 2D substrates},
  year      = {2019},
  month     = {6},
  number    = {3},
  pages     = {035036},
  volume    = {6},
  doi       = {10.1088/2053-1583/ab1e06},
  publisher = {{IOP} Publishing},
}

@Article{Hwang2007,
  author    = {E. H. Hwang and S. Das Sarma},
  journal   = {Physical Review B},
  title     = {Dielectric function, screening, and plasmons in two-dimensional graphene},
  year      = {2007},
  month     = {5},
  number    = {20},
  pages     = {205418},
  volume    = {75},
  doi       = {10.1103/physrevb.75.205418},
  groups    = {Bachelor Thesis},
  publisher = {American Physical Society ({APS})},
}
@Article{Wang2015,
  author    = {Weihua Wang and Thomas Christensen and Antti-Pekka Jauho and Kristian S. Thygesen and Martijn Wubs and N. Asger Mortensen},
  journal   = {Scientific Reports},
  title     = {Plasmonic eigenmodes in individual and bow-tie graphene nanotriangles},
  year      = {2015},
  month     = {4},
  number    = {1},
  volume    = {5},
  doi       = {10.1038/srep09535},
  groups    = {Bachelor Thesis},
  publisher = {Springer Science and Business Media {LLC}},
}

@Book{katsnelson2012,
  author    = {Mikhail I. Katsnelson, Serghey V. Vonsovsky},
  publisher = {Springer Berlin Heidelberg},
  title     = {Quantum Solid-State Physics},
  year      = {2012},
  isbn      = {3642501664},
  month     = may,
  ean       = {9783642501661},
  groups    = {Bachelor Thesis},
  pagetotal = {520},
  url       = {https://www.ebook.de/de/product/22339890/mikhail_i_katsnelson_serghey_v_vonsovsky_quantum_solid_state_physics.html},
}

@Article{Montaghemi2020,
  author    = {A. Montaghemi and H. Hadipour and F. Bagherpour and A. Yazdani and S. Mahdavifar},
  journal   = {Physical Review B},
  title     = {Nonconventional screening of Coulomb interaction in hexagonal boron nitride nanoribbons},
  year      = {2020},
  month     = feb,
  number    = {7},
  pages     = {075427},
  volume    = {101},
  doi       = {10.1103/physrevb.101.075427},
  groups    = {Bachelor Thesis},
  publisher = {American Physical Society ({APS})},
}

@Misc{matplotlib,
  author    = {Caswell, Thomas A and Droettboom, Michael and Lee, Antony and De Andrade, Elliott Sales and Hoffmann, Tim and Hunter, John and Klymak, Jody and Firing, Eric and Stansby, David and Varoquaux, Nelle and Nielsen, Jens Hedegaard and Root, Benjamin and May, Ryan and Elson, Phil and Seppänen, Jouni K. and Dale, Darren and {Jae-Joon Lee} and McDougall, Damon and Straw, Andrew and Hobson, Paul and {, Hannah} and Gohlke, Christoph and Yu, Tony S and Ma, Eric and Vincent, Adrien F. and Silvester, Steven and Moad, Charlie and Kniazev, Nikita and Ernest, Elan and Ivanov, Paul},
  title     = {matplotlib: REL: v3.4.3},
  year      = {2021},
  copyright = {Open Access},
  doi       = {10.5281/ZENODO.5194481},
  groups    = {Bachelor Thesis},
  publisher = {Zenodo},
}

@ARTICLE{scipy,
  author  = {Virtanen, Pauli and Gommers, Ralf and Oliphant, Travis E. and
            Haberland, Matt and Reddy, Tyler and Cournapeau, David and
            Burovski, Evgeni and Peterson, Pearu and Weckesser, Warren and
            Bright, Jonathan and {van der Walt}, St{\'e}fan J. and
            Brett, Matthew and Wilson, Joshua and Millman, K. Jarrod and
            Mayorov, Nikolay and Nelson, Andrew R. J. and Jones, Eric and
            Kern, Robert and Larson, Eric and Carey, C J and
            Polat, {\.I}lhan and Feng, Yu and Moore, Eric W. and
            {VanderPlas}, Jake and Laxalde, Denis and Perktold, Josef and
            Cimrman, Robert and Henriksen, Ian and Quintero, E. A. and
            Harris, Charles R. and Archibald, Anne M. and
            Ribeiro, Ant{\^o}nio H. and Pedregosa, Fabian and
            {van Mulbregt}, Paul and {SciPy 1.0 Contributors}},
  title   = {{{SciPy} 1.0: Fundamental Algorithms for Scientific
            Computing in Python}},
  journal = {Nature Methods},
  year    = {2020},
  volume  = {17},
  pages   = {261--272},
  adsurl  = {https://rdcu.be/b08Wh},
  doi     = {10.1038/s41592-019-0686-2},
}

@ARTICLE{numpy,
  author  = {Harris, Charles R. and Millman, K. Jarrod and
            van der Walt, Stéfan J and Gommers, Ralf and
            Virtanen, Pauli and Cournapeau, David and
            Wieser, Eric and Taylor, Julian and Berg, Sebastian and
            Smith, Nathaniel J. and Kern, Robert and Picus, Matti and
            Hoyer, Stephan and van Kerkwijk, Marten H. and
            Brett, Matthew and Haldane, Allan and
            Fernández del Río, Jaime and Wiebe, Mark and
            Peterson, Pearu and Gérard-Marchant, Pierre and
            Sheppard, Kevin and Reddy, Tyler and Weckesser, Warren and
            Abbasi, Hameer and Gohlke, Christoph and
            Oliphant, Travis E.},
  title   = {Array programming with {NumPy}},
  journal = {Nature},
  year    = {2020},
  volume  = {585},
  pages   = {357–362},
  doi     = {10.1038/s41586-020-2649-2}
}

@Article{Vanhala2020,
  author    = {Tuomas I. Vanhala and Lode Pollet},
  journal   = {Physical Review B},
  title     = {Constrained random phase approximation of the effective Coulomb interaction in lattice models of twisted bilayer graphene},
  year      = {2020},
  month     = {7},
  number    = {3},
  pages     = {035154},
  volume    = {102},
  doi       = {10.1103/physrevb.102.035154},
  groups    = {Bachelor Thesis},
  publisher = {American Physical Society ({APS})},
}